<record><leader>00000cas a2200000 a 4500</leader><controlfield tag="001">11869991</controlfield><controlfield tag="008">850401d19121945ksuwr ne      0   a0eng d</controlfield><datafield ind1=" " ind2=" " tag="010"><subfield code="a">sn 85031117 </subfield></datafield><datafield ind1=" " ind2=" " tag="040"><subfield code="a">KSH</subfield><subfield code="b">eng</subfield><subfield code="c">KSH</subfield><subfield code="d">NPT</subfield><subfield code="d">OCL</subfield><subfield code="d">OCLCQ</subfield></datafield><datafield ind1=" " ind2=" " tag="042"><subfield code="a">msc</subfield></datafield><datafield ind1="0" ind2="4" tag="245"><subfield code="a">The Democrat-opinion.</subfield></datafield><datafield ind1=" " ind2=" " tag="260"><subfield code="a">McPherson, Kan. :</subfield><subfield code="b">Shaw &amp; Knaus,</subfield><subfield code="c">1912-1945.</subfield></datafield><datafield ind1=" " ind2=" " tag="300"><subfield code="a">33 v. :</subfield><subfield code="b">ill. ;</subfield><subfield code="c">50-55 cm.</subfield></datafield><datafield ind1=" " ind2=" " tag="310"><subfield code="a">Weekly</subfield></datafield><datafield ind1="0" ind2=" " tag="362"><subfield code="a">Democrat, vol. 27, no. 52 (Aug. 16, 1912) = Opinion, v. 24, no. 2-v. 17, no. 18 (Apr. 20, 1945).</subfield></datafield><datafield ind1=" " ind2=" " tag="500"><subfield code="a">Publisher varies.</subfield></datafield><datafield ind1=" " ind2=" " tag="515"><subfield code="a">Numbering is irregular.</subfield></datafield><datafield ind1=" " ind2=" " tag="752"><subfield code="a">United States</subfield><subfield code="b">Kansas</subfield><subfield code="c">McPherson</subfield><subfield code="d">McPherson.</subfield></datafield><datafield ind1="0" ind2="4" tag="780"><subfield code="t">McPherson opinion</subfield><subfield code="w">(DLC)sn 85031115</subfield></datafield><datafield ind1="0" ind2="4" tag="780"><subfield code="t">Democrat (McPherson, Kan.)</subfield><subfield code="w">(DLC)sn 85031116</subfield></datafield><datafield ind1="0" ind2="6" tag="780"><subfield code="t">McPherson freeman (McPherson, Kan. : 1895)</subfield><subfield code="g">Apr. 1919</subfield><subfield code="w">(DLC)sn 85031133</subfield></datafield><datafield ind1="0" ind2="6" tag="780"><subfield code="t">Kansas American</subfield><subfield code="g">May 1906</subfield><subfield code="w">(DLC)sn 85031087</subfield></datafield><datafield ind1="0" ind2="0" tag="785"><subfield code="t">McPherson County news (McPherson, Kan. : 1945)</subfield><subfield code="w">(DLC)sn 85031118</subfield></datafield></record>